@STRING{adg ={Annali di Geofisica}}
@STRING{ag ={Ann. Geophys.}}
@STRING{andgeo ={Ann. d. Geophys.}}
@STRING{anphy ={Ann. Phys.}}
@STRING{applopt ={Appl. Opt.}}
@STRING{bjap ={Brit. J.~Appl. Phys.}}
@STRING{beri ={Bull. Earthq. Res. Inst.}}
@STRING{bim ={Bull. Inf. Mar{\'{e}}es Terrestres.}}
@STRING{bssa ={Bull.\ Seism.\ Soc.\ Am.}}
@STRING{cag ={Computers and Geosciences}}
@STRING{dgg ={DGG Mittlg.}}
@STRING{diplom ={Diplomarbeit}}
@STRING{diss ={Dissertation}}
@STRING{dgkb ={Deutsche Geod{\"{a}}tische Kommission, Reihe B}}
@STRING{eeeg ={Europ.\ J.~of Environm.\ and Engin.\ Geophys.}}
@STRING{eps ={Earth Planets and Space}}
@STRING{eg ={Engineering Geology}}
@STRING{funkschau ={Funkschau}}
@STRING{ggg ={Geochemistry Geophysics Geosystems}}
@STRING{geoint ={Geofis. Int.}}
@STRING{geopub ={Geofys. Publ.}}
@STRING{gr ={Geologische Rundschau}}
@STRING{gj ={Geophys.~J.}}
@STRING{gji= {Geophys. J.~Int.}}
@STRING{gjr= {Geophys.\ J.~R.~astr.\ Soc.}}
@STRING{geopro ={Geophysical Prospecting}}
@STRING{georl ={Geophys.\ Res.\ Letters}}
@STRING{geotran ={Geophysical Transactions}}
@STRING{gerland ={Gerl.\ Beitr.\ z.~Geophys.}}
@STRING{grl ={Geophys.\ Res.\ Lett.}}
@STRING{ga ={Geophysica}}
@STRING{gs ={Geophysics}}
@STRING{gso ={Geophysics online}}
@STRING{gt ={Geotechnique}}
@STRING{habil ={Habilitationsschrift}}
@STRING{jap = {J.~Appl. Phys.}}
@STRING{jasa ={J.~Acoust. Soc. Am.}}
@STRING{jcp ={J.~Chem. Phys.}}
@STRING{jcce ={J.~Comp. Civil Eng.}}
@STRING{jetp ={JETP Letters}}
@STRING{jgeodyn ={J.~Geodyn.}}
@STRING{jgr ={J.~Geophys.\ Res.}}
@STRING{jg ={J.~Geophys.}}
@STRING{jged ={J.~Geotech.\ Engineering Div., Proc.\ A.S.C.E.}}
@STRING{jge ={J.~Geotech.\ Engng.}}
@STRING{jgge ={J.~Geotech. Geoenv. Eng.}}
@STRING{jgsj ={J.~Geod. Soc. Japan}}
@STRING{jpe ={J.~Phys.\ Earth}}
@STRING{jphyse ={J.~Phys.\ E: Sci.\ Instr.}}
@STRING{jpsj ={J.~Phys.\ Soc.\ Japan}}
@STRING{jse ={J.~Struct.\ Eng.}}
@STRING{mmw ={Mitt.\ a.~d.~Marksch.-Wes.}}
@STRING{nat ={Nature}}
@STRING{nawi ={Die Naturwissensch.}}
@STRING{nsg ={Near Surface Geophysics}}
@STRING{pet ={Petroleum}}
@STRING{ptrsl ={Phil.\ Trans.\ Roy.\ Soc.\ London}}
@STRING{ptrsla ={Phil.\ Trans.\ Roy.\ Soc.\ London, Ser.\ A}}
@STRING{ptras ={Phil.\ Trans.\ R.~Astr.\ Soc.}}
@STRING{pps ={Planet.\ Space Sci.}}
@STRING{pepi ={Phys.\ Earth Planet.\ Inter.}}
@STRING{pr ={Phys.\ Rev.}}
@STRING{pre ={Phys.\ Rev.\ E}}
@STRING{prl ={Phys.\ Rev.\ Lett.}}
@STRING{pag ={Pure Appl.\ Geophys.}}
@STRING{picege ={Proc.\ Instn Civ.\ Engrs Geotech.\ Engng}}
@STRING{prsl ={Proc.\ Roy.\ Soc.\ London}}
@STRING{plms ={Proc.\ Lond.\ Math.\ Soc.}}
@STRING{plmsB ={Proc.\ Lond.\ Math.\ Soc.\ (Ser 2)}}
@STRING{phybl ={Phys.\ Bl.}}
@STRING{philmag ={Phil.\ Mag.}}
@STRING{phyj ={Phys.\ J.}}
@STRING{phyw ={Physics World}}
@STRING{procieee ={Proc.\ IEEE}}
@STRING{pssa ={phys.\ stat.\ sol.\ (a)}}
@STRING{revg ={Rev.\ Geophys.}}
@STRING{rgsp ={Rev.\ Geophys.\ Space Phys.}}
@STRING{revroum ={Rev.\ Roum.\ G{\'{e}}ophysique}}
@STRING{revsci ={Rev.\ Sci.\ Instrum.}}
@STRING{rdgeo ={Rev.\ Geofis.}}
@STRING{rmp ={Revs. Modern Phys.}}
@STRING{sci ={Science}}
@STRING{sdee ={Soil Dyn.\ Earthquake Eng.}}
@STRING{srl ={Seism. Res. Lett.}}
@STRING{sjam ={SIAM J.~appl. math.}}
@STRING{sdw ={Spektrum der Wissenschaft}}
@STRING{tagu ={Trans.\ Am.\ Geophys.\ Union (EOS)}}
@STRING{taguold ={Trans.\ Am.\ Geophys.\ Union}}
@STRING{tecphy ={Tectonophysics}}
@STRING{tle ={The Leading Edge}}
@STRING{zfg ={Zeitschr.\ f.~Geoph.}}
@STRING{zfv ={Zeitschr.\ f.~Vermessungswesen}}
@STRING{zph ={Z.~Physik}}
@STRING{ztp ={Zeitschr.\ f.~techn.\ Phys.}}
@STRING{zgeomorps ={Z.\ Geomorph.\ N.F., Suppl.}}
@STRING{zmetk ={Z.~Metallkde.}}
@STRING{zvdi ={Z.\ VDI}}

@conference{forb96,
   author    = {Forbriger, Thomas},
   title     = {{Z}um {P}roblem der {M}odenidentifikation in der
       {F}lachseismik},
   booktitle = {Kolloquium: Seismik im Flachbereich},
   year      = 1996,
   address   = {Bucha/Sachsen},
   note      = {\textless{}URL: http://\linebreak[1]{}%
     www-gpi.uni-karlsruhe.de/\linebreak[1]{}pub/forbriger/\linebreak[1]{}%
       \textgreater{}, 2005},
   keywords  = {surface waves, free modes, shallow seismics},
   status    = {mine}
}


@mastersthesis{forb96a,
   author    = {Forbriger, Thomas},
   type      = diplom,
   title     = {{I}nterpretation von {O}berfl\"achenwellen in der
       {F}lachseismik},
   year      = 1996,
   school    = {Institut f\"ur Geophysik, Universit\"at Stuttgart},
   keywords  = {shallow seimics, surface waves, methods},
   status    = {mine}
}


@conference{forb98,
   author    = {Forbriger, Thomas},
   title     = {{W}ellenfeldanalyse f\"ur die {F}lachseismik},
   booktitle = {DGG-Seminar: Umweltgeophysik},
   organization = {FKPE, DGG},
   year      = 1998,
   address   = {Neustadt/Weinstra\ss{}e, Germany},
   note      = {\textless{}URL: http://\linebreak[1]{}%
     www-gpi.uni-karlsruhe.de/\linebreak[1]{}pub/forbriger/\linebreak[1]{}%
       \textgreater{}, 2005},
   keywords  = {surface waves, shallow seismics, wave theory, methods, 
       numerics},
   status    = {mine}
}


@conference{forb99,
   author    = {Forbriger, Thomas},
   title     = {{A}nwendung flachseismischer {O}berfl\"achenwellen: 
       {N}iedriggeschwindigkeitszonen},
   booktitle = {59. Jahrestagung der Deutschen Geophysikalischen Gesellschaft},
   organization = {DGG},
   year      = 1999,
   address   = {Braunschweig, Germany},
   keywords  = {shallow seismics, surface waves, low velocity zone, LVZ. 
       wavefield inversion, dispersion analysis},
   status    = {mine}
}


@phdthesis{forbriger2001,
   author    = {Forbriger, Thomas},
   type      = diss,
   title     = {{I}nversion flachseismischer {W}ellenfeldspektren},
   year      = 2001,
   school    = {Institut f{\"{u}}r Geophysik, Universit{\"{a}}t Stuttgart},
   note      = {\textless{}URL: http://\linebreak[1]{}%
       elib.uni-stuttgart.de/\linebreak[1]{}opus/\linebreak[1]{}%
       volltexte/\linebreak[1]{}2001/\linebreak[1]{}861\textgreater{}},
   status    = {mine},
   keywords  = {shallow seismics, wavefield spectra, dispersion analysis,
       wavefield inversion, waveform modelling},
   origjournal = {Dissertation, Institut f\"ur Geophysik der 
       Universit\"at Stuttgart}
}


@conference{forbriger2001b,
   author    = {Forbriger, Thomas},
   title     = {{E}igenschaften flachseismischer {W}ellenfelder},
   booktitle = {61. Jahrestagung der Deutschen Geophysikalischen Gesellschaft},
   organization = {DGG},
   year      = 2001,
   address   = {Frankfurt (Main), Germany},
   keywords  = {shallow seismics, surface waves, low velocity zone, LVZ. 
       wavefield inversion, dispersion analysis},
   status    = {mine}
}


@article{forbriger2003a,
   author    = {Forbriger, Thomas},
   title     = {Inversion of shallow-seismic wavefields. {P}art 1: {W}avefield
       transformation},
   journal   = gji,
   year      = 2003,
   volume    = {153},
   pages     = {719--734},
   status    = {},
   keywords  = {}
}


@article{forbriger2003b,
   author    = {Forbriger, Thomas},
   title     = {Inversion of shallow-seismic wavefields. {P}art 2: {I}nferring
       subsurface properties from wavefield transforms},
   journal   = gji,
   year      = 2003,
   volume    = {153},
   pages     = {735--752},
   status    = {},
   keywords  = {}
}


@misc{forbriger2003c,
    author    = {Forbriger, Thomas},
    title     = {{N}otizen zur {B}erechnung synthetischer {S}eismogramme mit
      der {R}eflektivit{\"{a}}tsmethode},
    month     = 9,
    year      = 2003,
    howpublished  = {Skriptum zum SZGRF Trainingskurs: Computation of
    synthetic seismograms, seismic rays and practical exercises},
    status    = {mine},
    keywords  = {reflectivity, synthetic seismograms, lecture notes}
}


@inproceedings{forbriger2003d,
    author    = {Forbriger, Thomas},
    title     = {Dynamics of the Hammer Blow},
    booktitle = {Symposium in Memoriam of Prof.~Gerhard M{\"{u}}ller},
    editor    = {Deutsche, J.},
    organization = {Deutsche Geophysikalische Gesellschaft},
    year      = 2003,
    volume    = {I/2004},
    pages     = {93--97},
    status    = {},
    keywords  = {}
}


@conference{forbriger2002c,
   author    = {Forbriger, Thomas},
   title     = {{O}skulation von {D}ispersionskurven},
   booktitle = {62. Jahrestagung der Deutschen Geophysikalischen Gesellschaft},
   organization = {DGG},
   year      = 2002,
   address   = {Hannover, Germany},
   keywords  = {theory, surface waves, normal modes, dispersion, low-velocity
       channels},
   status    = {mine}
}


@conference{forbriger2002d,
   author    = {Forbriger, Thomas},
   title     = {Inversion of shallow seismic wavefield spectra},
   booktitle = {27th General Assembly},
   organization = {European Geophysical Society},
   year      = 2002,
   address   = {Nice, France},
   keywords  = {shallow seismics, wavefield inversion, surface waves,
       wavefield spectra},
   status    = {mine}
}


@inproceedings{forbriger2002e,
   author    = {Forbriger, Thomas},
   title     = {Magnetfeld-{S}ignale in seismischen {R}egistrierungen},
   booktitle = {28.\ Treffen der Arbeitsgruppe Seismologie},
   year      = 2002,
   address   = {Potsdam, Germany},
   note      =
   {\textless{}http://\linebreak[1]{}www-gpi.physik.uni-karlsruhe.de/\linebreak[1]{}pub/forbriger/\linebreak[1]{}download/paperware/\linebreak[1]{}ags02abstract.pdf\textgreater{},
   2005},
   keywords  = {magnetic noise, broad-band instruments, seismic tilt},
   status    = {mine}
}


@conference{forb97,
   author    = {Forbriger, Thomas and Dalkolmo, J\"org},
   title     = {{V}ergleich zwischen der {R}eflektivit\"atsmethode und der 
       {B}erechnung des {G}reenschen {T}ensors f\"ur eine
       sph\"arische {E}rde},
   booktitle = {57. Jahrestagung der Deutschen Geophysikalischen Gesellschaft},
   organization = {DGG},
   year      = 1997,
   address   = {Potsdam, Germany},
   keywords  = {1d modelling, numerics, methods, reflectivity, gemini},
   status    = {mine}
}


@conference{forbriger2004,
   author    = {Forbriger, Thomas and Widmer-Schnidrig, Rudolf
                  and Z{\"{u}}rn, Walter},
   title     = {Magnetfeldantwort von {B}lattfederseismometern},
   booktitle = {64. Jahrestagung der Deutschen Geophysikalischen Gesellschaft},
   organization = {DGG},
   year      = 2004,
   address   = {Berlin, Germany},
   keywords  = {seismic instruments, instrumental noise, magnetic field,
     leaf-spring seismometers},
   status    = {mine}
}


@misc{forbriger2005b,
    author    = {Forbriger, Thomas},
    title     = {Elastische {W}ellenausbreitung und {E}rdbebenmodellierung},
    year      = 2005,
    howpublished  = {Skriptum zum Versuch im Geophysikalischen
    Fortgeschrittenenpraktikum},
    address   = {Universit{\"{a}}t Karlsruhe (TH)},
    status    = {mine},
    keywords  = {GEMINI, synthetic seismograms, lecture notes}
}


@conference{forbriger1997b,
   author    = {Forbriger, Thomas and Wielandt, Erhard},
   title     = {Near-field seismic displacement and tilt on {S}tromboli},
   booktitle = {Annual Workshop of the European Seismological Commission},
   organization = {ESC Working Group: Seismic Phenomena Associated With
       Volcanic Activity},
   year      = 1997,
   address   = {Ambleside, Great Britain},
   keywords  = {seismic near-field, Stromboli, tilt, tilt-strain coupling,
       broad-band sensors, observations, signal restitution},
   status    = {mine}
}


@article{forbriger2005,
    author    = {Forbriger, Thomas and Friederich, Wolfgang},
    title     = {A proposal for a consistent parametrization of earth models},
    journal   = gji,
    year      = 2005,
    volume    = {162},
    pages     = {425--430},
    status    = {published},
    keywords  = {earth model parameters, seismology, theory, 
        material properties}
}


@conference{forbriger2006,
   author    = {Forbriger, Thomas},
   title     = {{E}ntmagnetisierung der {T}ragfeder eines {STS-1V}},
   booktitle = {66. Jahrestagung der Deutschen Geophysikalischen Gesellschaft},
   organization = {DGG},
   year      = 2006,
   address   = {Bremen, Germany},
   keywords  = {noise, seismic instruments, magnetic field,
     sensitivity, demagnetization},
   status    = {mine}
}


@conference{forbriger2006b,
   author    = {Forbriger, Thomas},
   title     = {Low-frequency limit for {H/V} studies due to tilt},
   booktitle = {32. Sitzung der Arbeitsgruppe Seismologie
     des FKPE. Extended Abstracts},
   year      = 2006,
   address   = {Haidhof, Germany},
   note      =
   {\textless{}http://\linebreak[1]{}www-gpi.physik.uni-karlsruhe.de/\linebreak[1]{}pub/forbriger/\linebreak[1]{}paperware.html\#gray\textgreater{},
   2008},
   status    = {mine}
}


@unpublished{forbriger2006c,
   author    = {Forbriger, Thomas},
   title     = {On using {F}r{\'{e}}chet kernels provided by \texttt{lmtor}},
   year      = 2006,
   note      =
   {unpublished note: \textless{}http://\linebreak[1]{}www-gpi.physik.uni-karlsruhe.de/\linebreak[1]{}pub/forbriger/\linebreak[1]{}paperware.html\#gray\textgreater{},
   2009},
   status    = {mine}
}


@unpublished{forbriger2006d,
   author    = {Forbriger, Thomas},
   title     = {Die {B}erechnung partieller {A}bleitungen {\"{u}}ber einen
     st{\"{o}}rungstheoretischen {A}nsatz},
   year      = 2006,
   note      = {unpublished note},
   status    = {mine}
}


@article{forbriger2007,
   author    = {Forbriger, Thomas},
   title     = {Reducing magnetic field induced noise in broad-band seismic
     recordings},
   journal   = gji,
   year      = 2007,
   volume    = {169},
   pages     = {240--258},
   status    = {},
   keywords  = {}
}


@conference{forbriger2007b,
   author    = {Forbriger, Thomas},
   title     = {Low-frequency limit for {H/V} studies due to tilt},
   booktitle = {67. Jahrestagung der Deutschen Geophysikalischen Gesellschaft},
   organization = {DGG},
   year      = 2007,
   address   = {Aachen, Germany},
   note      =
   {Extended Abstract.
   \textless{}http://\linebreak[1]{}www-gpi.physik.uni-karlsruhe.de/\linebreak[1]{}pub/forbriger/\linebreak[1]{}paperware.html\#gray\textgreater{},
   2008},
   status    = {mine}
}


@article{forbriger2008a,
   author    = {Forbriger, Thomas},
   title     = {A pendulum seismometer is insensitive to rotations centered on
     the point mass of the reduced pendulum},
   year      = 2008,
   journal   = bssa,
   volume    = {?},
   pages     = {?},
   note      = {manuscript in preparation},
   status    = {mine}
}


@article{forbriger2008b,
   author    = {Forbriger, Thomas},
   title     = {Low-frequency limit for {H/V} studies due to tilt},
   year      = 2008,
   journal   = {?},
   volume    = {?},
   pages     = {?},
   note      = {manuscript in preparation},
   status    = {mine}
}


@article{forbriger2010,
   author    = {Forbriger, Thomas and Widmer-Schnidrig, Rudolf
     and Wielandt, Erhard and Hayman, Mark and Ackerley, Nicholas},
   title     = {Magnetic field background
     variations can limit the resolution of
     seismic broad-band sensors},
   year      = 2010,
   journal   = gji,
   volume    = {?},
   pages     = {?},
   note      = {in print},
   status    = {mine}
}

